<?xml version="1.0" encoding="UTF-8"?><record xmlns="http://www.loc.gov/MARC21/slim" xmlns:cinclude="http://apache.org/cocoon/include/1.0" xmlns:zs="http://www.loc.gov/zing/srw/">
  <leader>00433nz  a2200133n  4500</leader>
  <controlfield tag="001">no 96066039 </controlfield>
  <controlfield tag="003">DLC</controlfield>
  <controlfield tag="005">19961214053211.2</controlfield>
  <controlfield tag="008">961213n| acannaab|          |n aaa     c</controlfield>
  <datafield tag="010" ind1=" " ind2=" ">
    <subfield code="a">no 96066039 </subfield>
  </datafield>
  <datafield tag="035" ind1=" " ind2=" ">
    <subfield code="a">(OCoLC)oca04229421 </subfield>
  </datafield>
  <datafield tag="040" ind1=" " ind2=" ">
    <subfield code="a">InHi</subfield>
    <subfield code="c">InHi</subfield>
  </datafield>
  <datafield tag="100" ind1="1" ind2="0">
    <subfield code="a">More, Charles H.</subfield>
  </datafield>
  <datafield tag="670" ind1=" " ind2=" ">
    <subfield code="a">More Family. Papers, 1836-1953:</subfield>
    <subfield code="b">(Charles H. More; resident of Whitley County, Ind.; son of William C. and Martha Compton More; fl. 1880-1955)</subfield>
  </datafield>
</record>